@Book{scoles,
 author = {Scoles, G.},
 title = {Atomic and Molecular Beam Methods},
 publisher = {Oxford University Press},
 year      =  {1988},
 edition   = {Volume 1}
}
@Book{scoles2,
  title={Atomic and Molecular Beam Methods vol 2, ed G Scoles},
  author={Doak, R. B.},
  year={1992},
  publisher={New York: Oxford University Press) section}
}

@Book{pauly,
 author = {Pauly, H.},
 title = {Atom, Molecule and Cluster Beams I},
 publisher = {Springer},
 year      =  {2000}
}

@Book{fliessbach,
 author = {Flie\ss{}bach, T.},
 title = {Statistische Physik, Lehrbuch zur Theoretischen Physik IV},
 publisher = {Springer},
 year      =  {2010},
 edition   = {5. Auflage}
}

@Book{demtr1,
 author = {Demtr\"oder, W.},
 title = {Experimentalphysik 1, Mechanik und W\"arme},
 publisher = {Springer},
 year      =  {2008},
 edition   = {5. Auflage}
}

@Book{demtr3,
  title={Experimentalphysik 3: Atome, Molek\"ule und Festk\"orper},
  author={Demtr{\"o}der, W.},
  year={2010},
  edition   = {4. Auflage}
}

@book{crc,
  title={CRC handbook of chemistry and physics},
  author={Lide, D. R.},
  year={2004},
  publisher={CRC press}
}

@book{hertel2008,
  title={Atome, Molek{\"u}le und optische Physik},
  author={Hertel, I. V. and Schulz, C.},
  year={2008},
  publisher={Springer}
}

@book{demtrodermol,
  title={Molek{\"u}lphysik: Theoretische Grundlagen und experimentelle Methoden},
  author={Demtr{\"o}der, W.},
  year={2013},
  publisher={Oldenbourg Verlag}
}

@book{demtr-laser,
  title={Laserspektroskopie},
  author={Demtr{\"o}der, W.},
  volume={4},
  year={1993},
  publisher={Springer}
}

@article{cufritz,
  title={Laser Ionization and Spectroscopy of {Cu} in Superfluid Helium Nanodroplets},
  author={Lindebner, F. and Kautsch, A. and Koch, M. and Ernst, W. E.},
  journal={Int J Mass Spectrum},
  year={2014},
  publisher={Elsevier}
}

@article{moroshkin,
  title={Spectroscopy of gold atoms isolated in liquid and solid 4He matrices},
  author={Moroshkin, P. and Lebedev, V. and Weis, A.},
  journal={J Chem Phys},
  volume={139},
  number={10},
  pages={104307},
  year={2013},
  publisher={AIP Publishing}
}

@article{loginov2007excited,
  title={Excited state dynamics of {Ag} atoms in helium nanodroplets},
  author={Loginov, E. and Drabbels, M.},
  journal={J Phys Chem A},
  volume={111},
  number={31},
  pages={7504--7515},
  year={2007},
  publisher={ACS Publications}
}

@article{paperlackner,
  title={Helium Droplet Assisted Preparation of Cold {RbSr} Molecules},
  author={Lackner,F. and Krois, G. and Buchsteiner, T. and Pototschnig, J. V. and Ernst, W. E.},
  year={2014},
  journal={Submitted Article}
}

@article{paperkautschkoch,
  title={In preparation},
  author={Kautsch, A. and Koch, M. and Ernst, W. E.},
  year={2014}
}

@article{paperkrois,
  title={Characterization of {RbSr} Molecules: A Spectral Analysis on Helium Droplets.},
  author={Krois, G. and Lackner, F. and V. Pototschnig, J. and Buchsteiner, T. and E. Ernst, W.},
  year={2014},
  journal={Submitted Article}
}

@article{zuchowski,
  title={Ground and excited state properties of the polar and paramagnetic RbSr molecule: a comparative study},
  author={{\.Z}uchowski, P. S. and Guerout, R. and Dulieu, O.},
  journal={arXiv preprint arXiv:1402.0702},
  year={2014}
}

@article{superh,
  title={Evidence for superfluidity in para-hydrogen clusters inside helium-4 droplets at 0.15 kelvin},
  author={Grebenev, S. and Sartakov, B. and Toennies, J. P. and Vilesov, A. F.},
  journal={Science},
  volume={289},
  number={5484},
  pages={1532--1535},
  year={2000},
  publisher={American Association for the Advancement of Science}
}

@article{superli,
  title={Evidence for superfluidity in a resonantly interacting Fermi gas},
  author={Kinast, J. and Hemmer, S. L. and Gehm, M. E. and Turlapov, A. and Thomas, J. E.},
  journal={Phys Rev Lett},
  volume={92},
  number={15},
  pages={150402},
  year={2004},
  publisher={APS}
}

@article{evap-cryo,
  title = {Cold Metal Clusters: Helium Droplets as a Nanoscale Cryostat},
  author = {Bartelt, A. and Close, J. D. and Federmann, F. and Quaas, N. and Toennies, J. P.},
  journal = {Phys Rev Lett},
  volume = {77},
  issue = {17},
  pages = {3525--3528},
  numpages = {0},
  year = {1996},
  publisher = {American Physical Society}
}

@article{ancil-param,
year={1995},
journal={J Low Temp Phys},
volume={101},
number={5-6},
title={Physics of solvation},
publisher={Kluwer Academic Publishers-Plenum Publishers},
author={Ancilotto, F. and Lerner, P. B. and Cole, M. W.},
pages={1123-1146},
language={English}
}

@article{acil-param-value,
author = "Mella, M. and Calderoni, G. and Cargnoni, F.",
title = "Predicting atomic dopant solvation in helium clusters: The {MgHen} case",
journal = "J Chem Phys",
year = "2005",
volume = "123",
number = "5",
pages = "-"
}

@article{tong,
  title={Theoretical characteristics of the bound states of {MX} complexes ({M= Cu, Ag, and Au, and X= He, Ne, and Ar})},
  author={Tong, X. F. and Yang, C. L. and An, Y. P. and Wang, M. S. and Ma, X. G. and Wang, D. H.},
  journal={J Chem Phys},
  volume={131},
  number={24},
  pages={244304},
  year={2009},
  publisher={AIP Publishing}
}

@article{aubock,
  title={Electron Spin Pumping of {Rb} Atoms on {He} Nanodroplets via Nondestructive Optical Excitation},
  author={Aub{\"o}ck, G. and Nagl, J. and Callegari, C. and Ernst, W. E.},
  journal={Phys Rev Lett},
  volume={101},
  number={3},
  pages={035301},
  year={2008},
  publisher={APS}
}

@article{higgins,
  title={Helium cluster isolation spectroscopy of alkali dimers in the triplet manifold},
  author={Higgins, J. and Callegari, C. and Reho, J. and Stienkemeier, F. and Ernst, W. E. and Gutowski, M. and Scoles, G.},
  journal={J Phys Chem A},
  volume={102},
  number={26},
  pages={4952--4965},
  year={1998},
  publisher={ACS Publications}
}

@article{fivet,
  title={Transition probabilities and lifetimes in gold ({Au I and Au II})},
  author={Fivet, V. and Quinet, P. and Bi{\'e}mont, {\'E.} and Xu, H. L.},
  journal={J Phys B-At Mol Opt},
  volume={39},
  number={17},
  pages={3587},
  year={2006},
  publisher={IOP Publishing}
}

@article{cool,
author = {Scoles, G. and Lehmann, K. K.},
title = {Nanomatrices Are Cool},
volume = {287},
number = {5462},
pages = {2429-2430},
year = {2000},
journal = {Science}
}

@article{nanolab,
  title={Superfluid helium droplets: An ultracold nanolaboratory},
  author={Toennies, J. P. and Vilesov, A. F. and Whaley, K. B.},
  journal={Phys Today},
  volume={54},
  number={2},
  pages={31--37},
  year={2001},
  publisher={American Institute of Physics}
}

@article{he-tempNew,
  title={Rotationally Resolved Spectroscopy of SF6 In Liquid-helium Clusters - A Molecular Probe of Cluster Temperature},
  author={Hartmann, M. and Miller, R. E. and Toennies, J. P. and Vilesov, A.},
  journal={Phys Rev Lett},
  volume={75},
  number={8},
  pages={1566},
  year={1995},
  publisher={APS}
}

@article{he-temp,
  title={Infrared spectroscopy in highly quantum matrixes: vibrational spectrum of sulfur hexafluoride (({SF6}) n= 1, 2) attached to helium clusters},
  author={Goyal, S. and Schutt, D. L. and Scoles, G.},
  journal={J Phys Chem-US},
  volume={97},
  number={10},
  pages={2236--2245},
  year={1993},
  publisher={ACS Publications}
}

@article{skimmer-pos,
  title={Progress in overexpanded supersonic jets and skimmed molecular beams in free-jet zones of silence},
  author={Campargue, R.},
  journal={J Phys Chem-US},
  volume={88},
  number={20},
  pages={4466--4474},
  year={1984},
  publisher={ACS Publications}
}

@article{loga-distributions,
title = {A new scattering deflection method for determining and selecting the sizes of large liquid clusters of {$^4He$}},
journal = {Chem Phys Lett},
volume = {206},
pages = {381 - 387},
year = {1993},
author = {Lewerenz, M. and Schilling, B. and Toennies, J.P.}
}

@article{pickup-desc,
   author = "Lewerenz, M. and Schilling, B. and Toennies, J. P.",
   title = "Successive capture and coagulation of atoms and molecules to small clusters in large liquid helium clusters",
   journal = "J Chem Phys",
   year = "1995",
   volume = "102",
   number = "20",
   pages = "8191-8207"
}

@article{laser-heating,
  title={Pump--probe study of the reconstruction of helium surrounding a tetracene molecule inside a helium droplet},
  author={Lindinger, A. and Toennies, J. P. and Vilesov, A. F.},
  journal={Phys Chem Chem Phys},
  volume={3},
  number={13},
  pages={2581--2587},
  year={2001},
  publisher={Royal Society of Chemistry}
}

@article{stein,
  title={Cluster beam sources: Predictions and limitations of the nucleation theory},
  author={Stein, G. D.},
  journal={Surf Sci},
  volume={156},
  pages={44--56},
  year={1985},
  publisher={Elsevier}
}

@article{super-donnelly,
  title={The discovery of superfluidity},
  author={Donnelly, R. J.},
  journal={Phys Today},
  volume={48},
  pages={30},
  year={1995}
}

@article{ultimate,
  title={The ultimate spectroscopic matrix?},
  author={Lehmann, K. K. and Scoles, G.},
  journal={Science},
  volume={279},
  number={5359},
  pages={2065--2066},
  year={1998},
  publisher={American Association for the Advancement of Science}
}

@article{super-story,
  title={The discovery of superfluidity},
  author={Balibar, S.},
  journal={J Low Temp Phys},
  volume={146},
  number={5-6},
  pages={441--470},
  year={2007},
  publisher={Springer}
}

@article{kapitza,
  title={Viscosity of liquid helium below the l-point},
  author={Kapitza, P.},
  journal={Nature},
  volume={141},
  number={3558},
  pages={74},
  year={1938}
}

@article{only-superfluid,
author = {Grebenev, S. and Toennies, J. P. and Vilesov, A. F.},
title = {Superfluidity Within a Small Helium-4 Cluster: The Microscopic Andronikashvili Experiment},
volume = {279},
number = {5359},
pages = {2083-2086},
year = {1998},
journal = {Science}
}

@article {toennis,
	author = {Toennies, J. P. and Vilesov, A. F.},
	title = {Suprafluide Heliumtr\"opfchen: au\ss{}ergew\"ohnlich kalte Nanomatrices f\"ur Molek\"ule und molekulare Komplexe},
	journal = {Angew Chem-Ger Edit},
	volume = {116},
	number = {20},
	publisher = {WILEY-VCH Verlag},
	pages = {2674--2702},
	year = {2004}
}

@article{tisza,
  title = {The Theory of Liquid Helium},
  author = {Tisza, L.},
  journal = {Phys Rev},
  volume = {72},
  issue = {9},
  pages = {838--854},
  numpages = {0},
  year = {1947},
  month = {Nov},
  publisher = {American Physical Society}
}

@article{landau,
  title = {Theory of the Superfluidity of Helium II},
  author = {Landau, L.},
  journal = {Phys Rev},
  volume = {60},
  issue = {4},
  pages = {356--358},
  numpages = {0},
  year = {1941},
  month = {Aug},
  publisher = {American Physical Society}
}

@article{biogold1,
  title={Biological applications of gold nanoparticles},
  author={Sperling, R. A. and Gil, P. R. and Zhang, F. and Zanella, M. and Parak, W. J.},
  journal={Chem Soc Rev},
  volume={37},
  number={9},
  pages={1896--1908},
  year={2008},
  publisher={Royal Society of Chemistry}
}

@article{biogold2,
  title={Gold nanoparticles in nanomedicine: preparations, imaging, diagnostics, therapies and toxicity},
  author={Boisselier, E. and Astruc, D.},
  journal={Chem Soc Rev},
  volume={38},
  number={6},
  pages={1759--1782},
  year={2009},
  publisher={Royal Society of Chemistry}
}

@book{vdl,
  author    = {von der Linden, W.},
  title     = {Wahrscheinlichkeitstheorie, Statistik und Datenanalyse - Vorlesungsskript},
  publisher    = {Technische Universit\"at Graz, Institut f\"ur Theoretische Physik},
  year      = {2002}
}


@book{vdl-fqm,
  author    = {von der Linden, W.},
  title     = {Fortgeschrittene Quantenmechanik - Vorlesungsskript},
  publisher    = {Technische Universit\"at Graz, Institut f\"ur Theoretische Physik},
  year      = {2007}
}

@incollection{ernst2011,
  author    = {Callegari, C. and Ernst, W. E.},
  booktitle     = {Handbook of High-Resolution Spectroscopy},
  title = {Helium Droplets as Nanocryostats for Molecular Spectroscopy - from the Vacuum Ultraviolet to the Microwave Regime},
  editor = {Quack, M. and Merkt F.},
  publisher    = {John Wiley \& Sons},
  year      = {2011}
}

@mastersthesis{lackner,
  author    = {Lackner, F.},
  title     = {Laserspektroskopie und Flugzeitmassenspektrometrie an Rubidium-dotierten Heliumnanotr\"opfchen},
  school    = {Technische Universit\"at Graz, Institut f\"ur Experimentalphysik},
  type     = {Masterarbeit},
  year      = {2009}
}


@mastersthesis{pifrader,
  author    = {Pifrader, A.},
  title     = {Pulsed laser spectroscopic investigations of rubidium atoms attached to helium nanodroplets.},
  school    = {Technische Universit\"at Graz, Institut f\"ur Experimentalphysik},
  type     = {Master's thesis},
  year      = {2009}
}

@mastersthesis{lackner-doc,
  author    = {Lackner, F.},
  title     = {Rydberg States of Alkali-Metal Atoms on Superfluid Helium Nanodroplets},
  school    = {Technische Universit\"at Graz, Institut f\"ur Experimentalphysik},
  type     = {Doctoral Thesis},
  year      = {2012}
}

@mastersthesis{krois-doc,
  author    = {Krois, G.},
  title     = {Alkali-Alkaline Earth Metal Molecules on Cold Helium Droplets},
  school    = {Technische Universit\"at Graz, Institut f\"ur Experimentalphysik},
  type     = {Doctoral Thesis},
  year      = {2014}
}

@article{krois-lica,
  title={{Spectroscopy of Cold LiCa Molecules Formed on Helium Nanodroplets}},
  author={Krois, G. and Pototschnig, J. V. and Lackner, F. and Ernst, W. E.},
  journal={J Phys Chem A},
  volume={117},
  number={50},
  pages={13719--13731},
  year={2013},
  publisher={ACS Publications}
}

@mastersthesis{johann-doc,
  author    = {Pototschnig, J. V.},
  title     = {In preparation},
  school    = {Technische Universit\"at Graz, Institut f\"ur Experimentalphysik},
  type     = {Doctoral Thesis},
  year      = {2015}
}

@mastersthesis{bunermann-doc,
  author    = {B\"unermann, O.},
  title     = {{Spektroskopie von Alkali- und Erdalkaliatomen, -molek\"ulen, Alkaliclustern und Komplexen organischer Molek\"ule auf Heliumnanotr\"opfchen}.},
  school    = {Fakult\"at f\"ur Physik, Universit\"at Bielefeld},
  type     = {Dissertation},
  year      = {2006}
}

@article{mgn,
  title={{Light-induced collapse of metastable magnesium complexes formed in helium nanodroplets}},
  author={Przystawik, A. and G{\"o}de, S. and D{\"o}ppner, T. and Tiggesb{\"a}umker, J. and Meiwes-Broer, K. H.},
  journal={Phys Rev A},
  volume={78},
  number={2},
  pages={021202},
  year={2008},
  publisher={APS}
}

@mastersthesis{krois,
  author    = {Krois, G.},
  title     = {Heavy Alkali and Alkaline Earth Metals on Cold Helium Droplets: First Comparision of Excitation Spectra},
  school    = {Graz University of Technology, Institute of Experimental Physics},
  type     = {Master Thesis},
  year      = {2011}
}

@mastersthesis{nagl,
  author    = {Nagl, J.},
  title     = {{Aufbau und Test einer D\"usenstrahlapparatur zur Spektroskopie an alkalimetall- dotierten Edelgasclustern.}},
  school    = {Technische Universit\"at Graz, Institut f\"ur Experimentalphysik},
  type     = {Masterarbeit},
  year      = {2004}
}

@article{speed-distr,
  title = {Density of superfluid helium droplets},
  author = {Harms, J. and Toennies, J. P. and Dalfovo, F.},
  journal = {Phys Rev B},
  volume = {58},
  issue = {6},
  pages = {3341--3350},
  numpages = {0},
  year = {1998},
  publisher = {American Physical Society}
}

@ARTICLE{nist,
  author = {Ralchenko, Y. and Kramida, A.E. and Reader, J. and NIST ASD Team
    (2011)},
  title = {NIST Atomic Spectra Database (ver. 4.1.0)},
  journal = {National Institute of Standards and Technology, Gaithersburg, MD},
  year = {2011},
  abstract = {Available: http://physics.nist.gov/asd [2012, July 2]},
  owner = {user},
  timestamp = {2012.07.02}
}

@Misc{albasket,
  howpublished = "\url{http://www.tedpella.com/vacuum_html/vacuum-evaporation-sources.htm}"
}

@Misc{omega-polynomials,
  howpublished = "\url{http://www.omega.com/temperature/Z/pdf/z198-201.pdf}"
}

@Misc{ref-typek,
  howpublished = "\url{http://www.omega.de/pdf/tc/z204-205iec.pdf}"
}

@Misc{ref-typec,
  howpublished = "\url{http://www.omega.com/temperature/Z/pdf/z241-245.pdf}"
}

@Misc{ref-datalogger,
  howpublished = "\url{http://www.produktinfo.conrad.com/datenblaetter/100000-124999/100518-da-01-en-Schnittstelle_Voltcraft_K204_Datalogger.pdf}"
}

@Misc{ref-uta12,
  howpublished = "\url{http://www.elektroautomatik.de/fileadmin/pdf/datasheets/datasheet_uta12.pdf}"
}

@Misc{ref-ps,
  howpublished = "\url{http://www.elektroautomatik.de/fileadmin/pdf/datasheets/datasheet_ps9000.pdf}"
}

@Misc{ea-downloads,
  howpublished = "\url{http://www.elektroautomatik.de/downloads/labview.html}"
}
